@article{GLAMOS22, 
author = {Bauder, Andreas and Huss, Matthias, and Linsbauer, Andreas},
year = {2022},
title = {The Swiss Glaciers 2019/20 and 2020/21},
journal = {Glaciological Report No. 141/42 of the Cryospheric Commission (EKK) of the Swiss Academy of Sciences (SCNAT)},
doi = {10.18752/grep_141-142}
}

@article{STAT2018, 
author={Zekollari, Harry and Huybrechts, Philippe}, 
year={2018}, 
title={Statistical modelling of the surface mass-balance variability of the Morteratsch glacier, Switzerland: strong control of early melting season meteorological conditions}, 
number={244}, 
journal={Journal of Glaciology}, 
volume={64}, 
pages={275–288},
doi={10.1017/jog.2018.18}
}

@article{GLAMOS23, 
author = {Bauder, Andreas and Huss, Matthias, and Linsbauer, Andreas},
year = {2023},
title = {The Swiss Glaciers 1880-2022/23},
journal = {Glaciological Reports No 1-142, Yearbooks of the Cryospheric Commission (EKK) of the Swiss Academy of Sciences (SCNAT)},
doi = {10.18752/grep_series}
}

@article{Oerlemans2000, 
author={Oerlemans, J.}, 
year={2000}, 
title={Analysis of a 3 year meteorological record from the ablation zone of Morteratschgletscher, Switzerland: energy and mass balance}, 
volume={46}, 
number={155}, 
journal={Journal of Glaciology}, 
pages={571–579},
doi ={10.3189/172756500781832657}
}

@article{Oerlemans2009, 
author={Oerlemans, J. and Giesen, R.H. and Van Den Broeke, M.R.}, 
year={2009}, 
title={Retreating alpine glaciers: increased melt rates due to accumulation of dust (Vadret da Morteratsch, Switzerland)}, 
volume={55}, 
number={192}, 
journal={Journal of Glaciology}, 
pages={729–736},
doi ={10.3189/002214309789470969}
}